@ARTICLE{trokhymchuk1999computer,
  author = {Trokhymchuk, A. and Alejandre, J.},
  title = {Computer simulations of liquid/vapor interface in Lennard-Jones fluids:
	Some questions and answers},
  journal = {The Journal of Chemical Physics},
  year = {1999},
  volume = {111},
  pages = {8510},
  file = {trokhymchuk1999computer.pdf:trokhymchuk1999computer.pdf:PDF},
  timestamp = {2010.11.30}
}
                  
@article{chapela1977computer,
  title={Computer simulation of a gas--liquid surface. Part 1},
  author={Chapela, G.A. and Saville, G. and Thompson, S.M. and Rowlinson, J.S.},
  journal={J. Chem. Soc., Faraday Trans. 2},
  volume={73},
  number={7},
  pages={1133--1144},
  year={1977},
  publisher={The Royal Society of Chemistry}
}

@ARTICLE{mecke1997molecular,
  author = {Mecke, M. and Winkelmann, J. and Fischer, J.},
  title = {Molecular dynamics simulation of the liquid-vapor interface: The
	Lennard-Jones fluid},
  journal = {Journal of Chemical Physics},
  year = {1997},
  volume = {107},
  pages = {9264--9270},
  number = {21},
  file = {mecke1997molecular.pdf:mecke1997molecular.pdf:PDF},
  timestamp = {2011.04.22}
}

@ARTICLE{lotfi1992vapour,
  author = {Lotfi, A. and Vrabec, J. and Fischer, J.},
  title = {Vapour liquid equilibria of the Lennard-Jones fluid from the NpT
	plus test particle method},
  journal = {Molecular Physics},
  year = {1992},
  volume = {76},
  pages = {1319--1333},
  number = {6},
  file = {lotfi1992vapour.pdf:lotfi1992vapour.pdf:PDF},
  publisher = {Taylor \& Francis},
  review = {npt + Widom},
  timestamp = {2010.07.04}
}
@ARTICLE{janecek2006long,
  author = {Jane\v{c}ek, J.},
  title = {Long range corrections in inhomogeneous simulations},
  journal = {J. Phys. Chem. B},
  year = {2006},
  volume = {110},
  pages = {6264--6269},
  number = {12},
  file = {janecek2006long.pdf:janecek2006long.pdf:PDF},
  publisher = {ACS Publications},
  timestamp = {2010.10.21}
}
@ARTICLE{ismail2007application,
  author = {in 't Veld, P.J. and Ismail, A.E. and Grest, G.S.},
  title = {Application of Ewald summations to long-range dispersion forces},
  journal = {The Journal of Chemical Physics},
  year = {2007},
  volume = {127},
  pages = {144711},
  file = {ismail2007application.pdf:ismail2007application.pdf:PDF},
  timestamp = {2010.11.11}
}

@ARTICLE{lopez2002thermodynamic,
  author = {Lopez-Lemus, J. and Alejandre, J.},
  title = {Thermodynamic and transport properties of simple fluids using lattice
	sums: bulk phases and liquid-vapour interface},
  journal = {Molecular Physics},
  year = {2002},
  volume = {100},
  pages = {2983--2992},
  number = {18},
  file = {lopez2002thermodynamic.pdf:lopez2002thermodynamic.pdf:PDF},
  publisher = {Taylor \& Francis},
  timestamp = {2010.10.22}
}

@ARTICLE{errington2003evaluating,
  author = {Errington, J.R.},
  title = {Evaluating surface tension using grand-canonical transition-matrix
	Monte Carlo simulation and finite-size scaling},
  journal = {Physical Review E},
  year = {2003},
  volume = {67},
  pages = {012102},
  number = {1},
  file = {errington2003evaluating.pdf:errington2003evaluating.pdf:PDF},
  publisher = {APS},
  timestamp = {2011.09.09}
}
